% This file was created with JabRef 2.10b2.
% Encoding: UTF8


@Article{REF6,
  Title                    = {A convergence theorem for the fuzzy ISODATA clustering algorithms},
  Author                   = {Bezdek, James C},
  Journal                  = {Pattern Analysis and Machine Intelligence, IEEE Transactions on},
  Year                     = {1980},
  Number                   = {1},
  Pages                    = {1--8},

  Publisher                = {IEEE}
}

@InProceedings{REF5,
  Title                    = {Comparative statistical analysis of indoor positioning using empirical data and indoor radio channel models},
  Author                   = {Hatami, Ahmad and Pahlavan, Kaveh},
  Booktitle                = {Consumer Communications and Networking Conference, 2006. CCNC 2006. 3rd IEEE},
  Year                     = {2006},
  Organization             = {IEEE},
  Pages                    = {1018--1022},
  Volume                   = {2}
}

@InProceedings{REF4,
  Title                    = {Efficient design of indoor positioning systems based on location fingerprinting},
  Author                   = {Kaemarungsi, Kamol},
  Booktitle                = {Wireless Networks, Communications and Mobile Computing, 2005 International Conference on},
  Year                     = {2005},
  Organization             = {IEEE},
  Pages                    = {181--186},
  Volume                   = {1}
}

@InProceedings{REF1,
  Title                    = {Wireless LAN based indoor positioning system WiPS and its simulation},
  Author                   = {Kitasuka, Teruaki and Nakanishi, Tsuneo and Fukuda, Akira},
  Booktitle                = {Communications, Computers and signal Processing, 2003. PACRIM. 2003 IEEE Pacific Rim Conference on},
  Year                     = {2003},
  Organization             = {IEEE},
  Pages                    = {272--275},
  Volume                   = {1}
}

@InProceedings{REF3,
  Title                    = {On indoor position location with wireless LANs},
  Author                   = {Prasithsangaree, Phongsak and Krishnamurthy, Prashant and Chrysanthis, Panos},
  Booktitle                = {Personal, Indoor and Mobile Radio Communications, 2002. The 13th IEEE International Symposium on},
  Year                     = {2002},
  Organization             = {IEEE},
  Pages                    = {720--724},
  Volume                   = {2}
}

@Article{REF2,
  Title                    = {Grid-search-based hybrid TOA/AOA location techniques for NLOS environments},
  Author                   = {Xie, Yaqin and Wang, Yan and Zhu, Pengcheng and You, Xiaohu},
  Journal                  = {Communications Letters, IEEE},
  Year                     = {2009},
  Number                   = {4},
  Pages                    = {254--256},
  Volume                   = {13},

  Publisher                = {IEEE}
}

